<?xml version="1.0" encoding="UTF-8"?><record xmlns="http://www.loc.gov/MARC21/slim" xmlns:cinclude="http://apache.org/cocoon/include/1.0" xmlns:zs="http://www.loc.gov/zing/srw/">
  <leader>00374cz  a2200133n  4500</leader>
  <controlfield tag="001">n  89284608 </controlfield>
  <controlfield tag="003">DLC</controlfield>
  <controlfield tag="005">20141210084804.0</controlfield>
  <controlfield tag="008">940419n| azannaab           |a aaa      </controlfield>
  <datafield tag="010" ind1=" " ind2=" ">
    <subfield code="a">n  89284608 </subfield>
  </datafield>
  <datafield tag="040" ind1=" " ind2=" ">
    <subfield code="a">DLC</subfield>
    <subfield code="b">eng</subfield>
    <subfield code="e">rda</subfield>
    <subfield code="c">DLC</subfield>
    <subfield code="d">DLC</subfield>
  </datafield>
  <datafield tag="100" ind1="1" ind2=" ">
    <subfield code="a">Maḍakayakara, Dāliyā</subfield>
  </datafield>
  <datafield tag="400" ind1="0" ind2="0">
    <subfield code="a">Daliya Madakayakara</subfield>
  </datafield>
  <datafield tag="670" ind1=" " ind2=" ">
    <subfield code="a">Bākī-viśeśa, 1992:</subfield>
    <subfield code="b">t.p. (Dāliyā Maḍakayakara)</subfield>
  </datafield>
</record>